<?xml version="1.0" encoding="UTF-8"?><record xmlns="http://www.loc.gov/MARC21/slim" xmlns:cinclude="http://apache.org/cocoon/include/1.0" xmlns:zs="http://www.loc.gov/zing/srw/">
  <leader>00374nz  a2200133n  4500</leader>
  <controlfield tag="001">no2012009656</controlfield>
  <controlfield tag="003">DLC</controlfield>
  <controlfield tag="005">20120122075346.0</controlfield>
  <controlfield tag="008">120120n| acannaabn          |n aaa     c</controlfield>
  <datafield tag="010" ind1=" " ind2=" ">
    <subfield code="a">no2012009656</subfield>
  </datafield>
  <datafield tag="035" ind1=" " ind2=" ">
    <subfield code="a">(OCoLC)oca09091306</subfield>
  </datafield>
  <datafield tag="040" ind1=" " ind2=" ">
    <subfield code="a">CLU-FT</subfield>
    <subfield code="b">eng</subfield>
    <subfield code="c">CLU-FT</subfield>
  </datafield>
  <datafield tag="100" ind1="1" ind2=" ">
    <subfield code="a">Zawadi, Sabu</subfield>
  </datafield>
  <datafield tag="670" ind1=" " ind2=" ">
    <subfield code="a">Your children come back to you [MP] 1979:</subfield>
    <subfield code="b">credits : (cast, music, Sabu Zawadi)</subfield>
  </datafield>
</record>